<record><leader>00000cas a2200000 a 4500</leader><controlfield tag="001">10992513</controlfield><controlfield tag="008">840727d186u1877aluwr ne      0    0eng c</controlfield><datafield ind1=" " ind2=" " tag="010"><subfield code="a">sn 84023788 </subfield></datafield><datafield ind1=" " ind2=" " tag="040"><subfield code="a">AQM</subfield><subfield code="b">eng</subfield><subfield code="c">AQM</subfield><subfield code="d">NPX</subfield><subfield code="d">NPU</subfield><subfield code="d">PPM</subfield><subfield code="d">CPN</subfield><subfield code="d">YOX</subfield><subfield code="d">ANU</subfield><subfield code="d">MGN</subfield><subfield code="d">NVF</subfield><subfield code="d">OCLCG</subfield><subfield code="d">OCLCQ</subfield><subfield code="d">OCLCF</subfield><subfield code="d">OCLCO</subfield></datafield><datafield ind1=" " ind2=" " tag="042"><subfield code="a">pcc</subfield></datafield><datafield ind1=" " ind2=" " tag="043"><subfield code="a">n-us-al</subfield></datafield><datafield ind1="0" ind2=" " tag="130"><subfield code="a">Mobile weekly register (Mobile, Ala. : 1868)</subfield></datafield><datafield ind1="1" ind2="4" tag="245"><subfield code="a">The Mobile weekly register.</subfield></datafield><datafield ind1="1" ind2=" " tag="246"><subfield code="i">Includes supplements called:</subfield><subfield code="a">Weekly register</subfield><subfield code="f">&lt;1869-1870&gt;</subfield></datafield><datafield ind1=" " ind2=" " tag="260"><subfield code="a">Mobile, Ala. :</subfield><subfield code="b">W.D. Mann</subfield></datafield><datafield ind1=" " ind2=" " tag="300"><subfield code="a">v.</subfield></datafield><datafield ind1=" " ind2=" " tag="310"><subfield code="a">Weekly</subfield></datafield><datafield ind1="1" ind2=" " tag="362"><subfield code="a">Ceased in Dec. 1877.</subfield></datafield><datafield ind1=" " ind2=" " tag="500"><subfield code="a">Editor: J. Forsyth, &lt;1868-1876&gt;.</subfield></datafield><datafield ind1=" " ind2=" " tag="588"><subfield code="a">Description based on: Vol. 17, no. 34 (June 13, 1868).</subfield></datafield><datafield ind1=" " ind2="0" tag="651"><subfield code="a">Mobile (Ala.)</subfield><subfield code="v">Newspapers.</subfield></datafield><datafield ind1=" " ind2="7" tag="655"><subfield code="a">Newspapers.</subfield><subfield code="2">fast</subfield><subfield code="0">(OCoLC)fst01423814</subfield></datafield><datafield ind1=" " ind2="7" tag="651"><subfield code="a">Alabama</subfield><subfield code="z">Mobile.</subfield><subfield code="2">fast</subfield><subfield code="0">(OCoLC)fst01206367</subfield></datafield><datafield ind1="1" ind2=" " tag="700"><subfield code="a">Forsyth, John,</subfield><subfield code="d">1812-1877.</subfield></datafield><datafield ind1=" " ind2=" " tag="752"><subfield code="a">United States</subfield><subfield code="b">Alabama</subfield><subfield code="c">Mobile</subfield><subfield code="d">Mobile.</subfield></datafield><datafield ind1="0" ind2=" " tag="775"><subfield code="t">Mobile daily register (Mobile, Ala. : 1868)</subfield><subfield code="w">(DLC)sn 84023534</subfield></datafield><datafield ind1="0" ind2="0" tag="780"><subfield code="t">Weekly advertiser and register</subfield><subfield code="w">(DLC)sn 86072253</subfield></datafield><datafield ind1="0" ind2="0" tag="785"><subfield code="t">Weekly register (Mobile, Ala.)</subfield><subfield code="w">(DLC)sn 89050034</subfield></datafield></record>